@inproceedings{fuchss2025lissa,
  title={LiSSA: Toward Generic Traceability Link Recovery through Retrieval-Augmented Generation},
  author={Fuch{\ss}, Dominik and Hey, Tobias and Keim, Jan and Liu, Haoyu and Ewald, Niklas and Thirolf, Tobias and Koziolek, Anne},
  booktitle={Proceedings of the IEEE/ACM 47th International Conference on Software Engineering. ICSE},
  volume={25},
  year={2025}
}

@article{ramnath2025systematic,
  title={A Systematic Survey of Automatic Prompt Optimization Techniques},
  author={Ramnath, Kiran and Zhou, Kang and Guan, Sheng and Mishra, Soumya Smruti and Qi, Xuan and Shen, Zhengyuan and Wang, Shuai and Woo, Sangmin and Jeoung, Sullam and Wang, Yawei and others},
  journal={arXiv preprint arXiv:2502.16923},
  year={2025}
}

@article{pryzant2023automatic,
  title={Automatic prompt optimization with" gradient descent" and beam search},
  author={Pryzant, Reid and Iter, Dan and Li, Jerry and Lee, Yin Tat and Zhu, Chenguang and Zeng, Michael},
  journal={arXiv preprint arXiv:2305.03495},
  year={2023}
}

@inproceedings{khattab2024dspy,
  title={DSPy: Compiling Declarative Language Model Calls into Self-Improving Pipelines},
  author={Khattab, Omar and Singhvi, Arnav and Maheshwari, Paridhi and Zhang, Zhiyuan and Santhanam, Keshav and Vardhamanan, Sri and Haq, Saiful and Sharma, Ashutosh and Joshi, Thomas T. and Moazam, Hanna and Miller, Heather and Zaharia, Matei and Potts, Christopher},
  journal={The Twelfth International Conference on Learning Representations},
  year={2024}
}
@article{khattab2022demonstrate,
  title={Demonstrate-Search-Predict: Composing Retrieval and Language Models for Knowledge-Intensive {NLP}},
  author={Khattab, Omar and Santhanam, Keshav and Li, Xiang Lisa and Hall, David and Liang, Percy and Potts, Christopher and Zaharia, Matei},
  journal={arXiv preprint arXiv:2212.14024},
  year={2022}
}

@inproceedings{fuchss2022establishing,
  title={Establishing a benchmark dataset for traceability link recovery between software architecture documentation and models},
  author={Fuch{\ss}, Dominik and Corallo, Sophie and Keim, Jan and Speit, Janek and Koziolek, Anne},
  booktitle={European Conference on Software Architecture},
  pages={455--464},
  year={2022},
  organization={Springer}
}

@dataset{fuchss2022benchmark,
  author       = {Dominik Fuch√ü and
                  Jan Keim and
                  Sophie Corallo and
                  Anne Koziolek},
  title        = {ArDoCo/Benchmark},
  month        = aug,
  year         = 2022,
  publisher    = {Zenodo},
  version      = {ecsa22-msr4sa},
  doi          = {10.5281/zenodo.6966832},
  url          = {https://doi.org/10.5281/zenodo.6966832},
}
@inproceedings{zadenoori2025automatic,
  title={Automatic Prompt Engineering: The Case of Requirements Classification},
  author={Zadenoori, Mohammad Amin and Zhao, Liping and Alhoshan, Waad and Ferrari, Alessio},
  booktitle={International Working Conference on Requirements Engineering: Foundation for Software Quality},
  pages={217--225},
  year={2025},
  organization={Springer}
}

@inproceedings{rodriguez2023prompts,
  title={Prompts matter: Insights and strategies for prompt engineering in automated software traceability},
  author={Rodriguez, Alberto D and Dearstyne, Katherine R and Cleland-Huang, Jane},
  booktitle={2023 IEEE 31st International Requirements Engineering Conference Workshops (REW)},
  pages={455--464},
  year={2023},
  organization={IEEE}
}

@misc{ye2024promptengineeringpromptengineer,
  title={Prompt Engineering a Prompt Engineer},
  author={Qinyuan Ye and Maxamed Axmed and Reid Pryzant and Fereshte Khani},
  year={2024},
  eprint={2311.05661},
  archivePrefix={arXiv},
  primaryClass={cs.CL},
  url={https://arxiv.org/abs/2311.05661},
}

@article{wei2022chain,
  title={Chain-of-thought prompting elicits reasoning in large language models},
  author={Wei, Jason and Wang, Xuezhi and Schuurmans, Dale and Bosma, Maarten and Xia, Fei and Chi, Ed and Le, Quoc V and Zhou, Denny and others},
  journal={Advances in neural information processing systems},
  volume={35},
  pages={24824--24837},
  year={2022}
}