@software{2024ArDoCoBenchmark,
  title = {{{ArDoCo}}/{{Benchmark}}},
  date = {2024-11-10T01:18:19Z},
  origdate = {2022-02-18T13:57:51Z},
  url = {https://github.com/ArDoCo/Benchmark},
  urldate = {2025-05-20},
  organization = {ArDoCo},
  keywords = {architecture,benchmark,models,nlp,text-analysis,text-processing,traceability,traceability-recovery}
}

@software{2025ArDoCoLiSSARATLR,
  title = {{{ArDoCo}}/{{LiSSA-RATLR}}},
  date = {2025-05-15T19:40:07Z},
  origdate = {2024-05-21T07:38:20Z},
  url = {https://github.com/ArDoCo/LiSSA-RATLR},
  urldate = {2025-05-20},
  organization = {ArDoCo},
  keywords = {framework,llm,rag,retrieval-augmented-generation,tlr,traceability-recovery}
}

@online{2025PromptEngineering,
  title = {Prompt {{Engineering Guide}}},
  date = {2025-04-24},
  url = {https://www.promptingguide.ai/},
  urldate = {2025-05-13},
  langid = {english}
}

@software{2025StanfordnlpDspy,
  title = {Stanfordnlp/Dspy},
  date = {2025-05-20T08:36:09Z},
  origdate = {2023-01-09T21:01:51Z},
  url = {https://github.com/stanfordnlp/dspy},
  urldate = {2025-05-20},
  organization = {Stanford NLP}
}

@online{2025Traceability,
  title = {Traceability},
  date = {2025-06-18},
  url = {https://dictionary.cambridge.org/dictionary/english/traceability},
  urldate = {2025-06-18},
  langid = {english}
}

@inproceedings{audibert2010BestArm,
  title = {Best {{Arm Identification}} in {{Multi-Armed Bandits}}},
  author = {Audibert, Jean-Yves and Bubeck, Sébastien},
  date = {2010-06-27},
  pages = {13 p.},
  url = {https://enpc.hal.science/hal-00654404},
  urldate = {2025-05-20},
  eventtitle = {{{COLT}} - 23th {{Conference}} on {{Learning Theory}} - 2010},
  langid = {english}
}

@online{BeamSearch,
  title = {Beam Search from {{FOLDOC}}},
  url = {https://foldoc.org/beam+search},
  urldate = {2025-06-12}
}

@online{chen2023TeachingLarge,
  title = {Teaching {{Large Language Models}} to {{Self-Debug}}},
  author = {Chen, Xinyun and Lin, Maxwell and Schärli, Nathanael and Zhou, Denny},
  date = {2023-10-05},
  eprint = {2304.05128},
  eprinttype = {arXiv},
  eprintclass = {cs},
  doi = {10.48550/arXiv.2304.05128},
  url = {http://arxiv.org/abs/2304.05128},
  urldate = {2025-05-20},
  pubstate = {prepublished},
  keywords = {Computer Science - Artificial Intelligence,Computer Science - Computation and Language}
}

@online{deepseek-ai2025DeepSeekR1Incentivizing,
  title = {{{DeepSeek-R1}}: {{Incentivizing Reasoning Capability}} in {{LLMs}} via {{Reinforcement Learning}}},
  shorttitle = {{{DeepSeek-R1}}},
  author = {DeepSeek-AI and Guo, Daya and Yang, Dejian and Zhang, Haowei and Song, Junxiao and Zhang, Ruoyu and Xu, Runxin and Zhu, Qihao and Ma, Shirong and Wang, Peiyi and Bi, Xiao and Zhang, Xiaokang and Yu, Xingkai and Wu, Yu and Wu, Z. F. and Gou, Zhibin and Shao, Zhihong and Li, Zhuoshu and Gao, Ziyi and Liu, Aixin and Xue, Bing and Wang, Bingxuan and Wu, Bochao and Feng, Bei and Lu, Chengda and Zhao, Chenggang and Deng, Chengqi and Zhang, Chenyu and Ruan, Chong and Dai, Damai and Chen, Deli and Ji, Dongjie and Li, Erhang and Lin, Fangyun and Dai, Fucong and Luo, Fuli and Hao, Guangbo and Chen, Guanting and Li, Guowei and Zhang, H. and Bao, Han and Xu, Hanwei and Wang, Haocheng and Ding, Honghui and Xin, Huajian and Gao, Huazuo and Qu, Hui and Li, Hui and Guo, Jianzhong and Li, Jiashi and Wang, Jiawei and Chen, Jingchang and Yuan, Jingyang and Qiu, Junjie and Li, Junlong and Cai, J. L. and Ni, Jiaqi and Liang, Jian and Chen, Jin and Dong, Kai and Hu, Kai and Gao, Kaige and Guan, Kang and Huang, Kexin and Yu, Kuai and Wang, Lean and Zhang, Lecong and Zhao, Liang and Wang, Litong and Zhang, Liyue and Xu, Lei and Xia, Leyi and Zhang, Mingchuan and Zhang, Minghua and Tang, Minghui and Li, Meng and Wang, Miaojun and Li, Mingming and Tian, Ning and Huang, Panpan and Zhang, Peng and Wang, Qiancheng and Chen, Qinyu and Du, Qiushi and Ge, Ruiqi and Zhang, Ruisong and Pan, Ruizhe and Wang, Runji and Chen, R. J. and Jin, R. L. and Chen, Ruyi and Lu, Shanghao and Zhou, Shangyan and Chen, Shanhuang and Ye, Shengfeng and Wang, Shiyu and Yu, Shuiping and Zhou, Shunfeng and Pan, Shuting and Li, S. S. and Zhou, Shuang and Wu, Shaoqing and Ye, Shengfeng and Yun, Tao and Pei, Tian and Sun, Tianyu and Wang, T. and Zeng, Wangding and Zhao, Wanjia and Liu, Wen and Liang, Wenfeng and Gao, Wenjun and Yu, Wenqin and Zhang, Wentao and Xiao, W. L. and An, Wei and Liu, Xiaodong and Wang, Xiaohan and Chen, Xiaokang and Nie, Xiaotao and Cheng, Xin and Liu, Xin and Xie, Xin and Liu, Xingchao and Yang, Xinyu and Li, Xinyuan and Su, Xuecheng and Lin, Xuheng and Li, X. Q. and Jin, Xiangyue and Shen, Xiaojin and Chen, Xiaosha and Sun, Xiaowen and Wang, Xiaoxiang and Song, Xinnan and Zhou, Xinyi and Wang, Xianzu and Shan, Xinxia and Li, Y. K. and Wang, Y. Q. and Wei, Y. X. and Zhang, Yang and Xu, Yanhong and Li, Yao and Zhao, Yao and Sun, Yaofeng and Wang, Yaohui and Yu, Yi and Zhang, Yichao and Shi, Yifan and Xiong, Yiliang and He, Ying and Piao, Yishi and Wang, Yisong and Tan, Yixuan and Ma, Yiyang and Liu, Yiyuan and Guo, Yongqiang and Ou, Yuan and Wang, Yuduan and Gong, Yue and Zou, Yuheng and He, Yujia and Xiong, Yunfan and Luo, Yuxiang and You, Yuxiang and Liu, Yuxuan and Zhou, Yuyang and Zhu, Y. X. and Xu, Yanhong and Huang, Yanping and Li, Yaohui and Zheng, Yi and Zhu, Yuchen and Ma, Yunxian and Tang, Ying and Zha, Yukun and Yan, Yuting and Ren, Z. Z. and Ren, Zehui and Sha, Zhangli and Fu, Zhe and Xu, Zhean and Xie, Zhenda and Zhang, Zhengyan and Hao, Zhewen and Ma, Zhicheng and Yan, Zhigang and Wu, Zhiyu and Gu, Zihui and Zhu, Zijia and Liu, Zijun and Li, Zilin and Xie, Ziwei and Song, Ziyang and Pan, Zizheng and Huang, Zhen and Xu, Zhipeng and Zhang, Zhongyu and Zhang, Zhen},
  date = {2025-01-22},
  eprint = {2501.12948},
  eprinttype = {arXiv},
  eprintclass = {cs},
  doi = {10.48550/arXiv.2501.12948},
  url = {http://arxiv.org/abs/2501.12948},
  urldate = {2025-06-21},
  pubstate = {prepublished},
  keywords = {Computer Science - Artificial Intelligence,Computer Science - Computation and Language,Computer Science - Machine Learning}
}

@online{ewald2024RetrievalAugmentedLarge,
  title = {Retrieval-Augmented Large Language Models for Traceability Link Recovery},
  author = {Ewald, Niklas},
  date = {2024},
  doi = {10.5445/IR/1000178218},
  url = {https://publikationen.bibliothek.kit.edu/1000178218},
  urldate = {2025-05-20},
  isbn = {9781000178210},
  langid = {ngerman}
}

@software{fh2025HinthornwPromptimizer,
  title = {Hinthornw/Promptimizer},
  author = {FH, William},
  date = {2025-05-20T04:41:14Z},
  origdate = {2024-10-30T23:09:28Z},
  url = {https://github.com/hinthornw/promptimizer},
  urldate = {2025-05-20}
}

@dataset{fuchss2022ArDoCoBenchmark,
  title = {{{ArDoCo}}/{{Benchmark}}},
  author = {Fuchß, Dominik and Keim, Jan and Corallo, Sophie and Koziolek, Anne},
  date = {2022-08-05},
  publisher = {Zenodo},
  doi = {10.5281/zenodo.6966832},
  url = {https://zenodo.org/records/6966832},
  urldate = {2025-05-20},
  version = {ecsa22-msr4sa}
}

@inproceedings{fuchss2023EstablishingBenchmark,
  title = {Establishing a Benchmark Dataset for Traceability Link Recovery between Software Architecture Documentation and Models},
  booktitle = {Software Architecture. {{ECSA}} 2022 Tracks and Workshops},
  author = {Fuchß, Dominik and Corallo, Sophie and Keim, Jan and Speit, Janek and Koziolek, Anne},
  editor = {Batista, Thais and Bureš, Tomáš and Raibulet, Claudia and Muccini, Henry},
  date = {2023},
  pages = {455--464},
  publisher = {Springer International Publishing},
  location = {Cham},
  isbn = {978-3-031-36889-9}
}

@inproceedings{fuchss2025LiSSAGeneric,
  title = {LiSSA: Toward Generic Traceability Link Recovery through Retrieval-Augmented Generation},
  shorttitle = {LiSSA},
  booktitle = {2025 IEEE/ACM 47th International Conference on Software Engineering (ICSE)},
  author = {Fuchß, Dominik and Hey, Tobias and Keim, Jan and Liu, Haoyu and Ewald, Niklas and Thirolf, Tobias and Koziolek, Anne},
  date = {2025},
  pages = {723},
  doi = {10.1109/ICSE55347.2025.00186},
  url = {https://publikationen.bibliothek.kit.edu/1000179816},
  urldate = {2025-05-20},
  eventtitle = {International Conference on Software Engineering (ICSE 2025), Ottawa, Kanada, 27.04.2025 – 03.05.2025},
  langid = {ngerman}
}

@online{GitHubArDoCoBenchmark,
  title = {{{GitHub}} - {{ArDoCo}}/{{Benchmark}} at Ecsa22-Msr4sa},
  url = {https://github.com/ArDoCo/Benchmark/tree/ecsa22-msr4sa},
  urldate = {2025-05-20}
}

@online{GitHubArDoCoBenchmarka,
  title = {{{GitHub}} - {{ArDoCo}}/{{Benchmark}} at Ecsa22-Msr4sa},
  url = {https://github.com/ArDoCo/Benchmark},
  urldate = {2025-05-20},
  langid = {english},
  organization = {GitHub}
}

@article{hayes2006AdvancingCandidate,
  title = {Advancing Candidate Link Generation for Requirements Tracing: The Study of Methods},
  shorttitle = {Advancing Candidate Link Generation for Requirements Tracing},
  author = {Hayes, J.H. and Dekhtyar, A. and Sundaram, S.K.},
  date = {2006-01},
  journaltitle = {IEEE Transactions on Software Engineering},
  volume = {32},
  number = {1},
  pages = {4--19},
  issn = {1939-3520},
  doi = {10.1109/TSE.2006.3},
  url = {https://ieeexplore.ieee.org/abstract/document/1583599},
  urldate = {2025-05-26},
  keywords = {Computer aided software engineering,Computer Society,dynamic link generation,Feedback,Independent Validation and Verification (IV&V),information retrieval,Information retrieval,Large scale integration,LSI,precision.,Prototypes,recall,Requirements tracing,Risk analysis,Spine,System testing,TF-IDF,Verification and Validation (V&V)}
}

@inproceedings{hey2021ImprovingTraceability,
  title = {Improving {{Traceability Link Recovery Using Fine-grained Requirements-to-Code Relations}}},
  booktitle = {2021 {{IEEE International Conference}} on {{Software Maintenance}} and {{Evolution}} ({{ICSME}})},
  author = {Hey, Tobias and Chen, Fei and Weigelt, Sebastian and Tichy, Walter F.},
  date = {2021-09},
  pages = {12--22},
  issn = {2576-3148},
  doi = {10.1109/ICSME52107.2021.00008},
  url = {https://ieeexplore.ieee.org/abstract/document/9609109},
  urldate = {2025-06-14},
  eventtitle = {2021 {{IEEE International Conference}} on {{Software Maintenance}} and {{Evolution}} ({{ICSME}})},
  keywords = {Bit error rate,Bridges,Conferences,Knowledge based systems,Natural Language Processing,Natural languages,Requirements Engineering,Semantics,Software maintenance,Traceability,Traceability Link Recovery,Word Embeddings,Word Movers Distance}
}

@software{hey2025ReplicationPackage,
  title = {Replication {{Package}} for "{{Requirements Traceability Link Recovery}} via {{Retrieval-Augmented Generation}}"},
  author = {Hey, Tobias and Fuchß, Dominik and Keim, Jan and Koziolek, Anne},
  date = {2025-01-31},
  doi = {10.5281/zenodo.14779458},
  url = {https://zenodo.org/records/14779458},
  urldate = {2025-06-15},
  organization = {Zenodo}
}

@inproceedings{hey2025RequirementsTraceability,
  title = {Requirements {{Traceability Link Recovery}} via~{{Retrieval-Augmented Generation}}},
  booktitle = {Requirements {{Engineering}}: {{Foundation}} for {{Software Quality}}},
  author = {Hey, Tobias and Fuchß, Dominik and Keim, Jan and Koziolek, Anne},
  editor = {Hess, Anne and Susi, Angelo},
  date = {2025},
  pages = {381--397},
  publisher = {Springer Nature Switzerland},
  location = {Cham},
  doi = {10.1007/978-3-031-88531-0_27},
  isbn = {978-3-031-88531-0},
  langid = {english},
  keywords = {LLM,Requirements Engineering,Requirements Traceability,Retrieval-Augmented Generation,Traceability Link Recovery}
}

@software{hulbert2023UsingTreeofThought,
  title = {Using {{Tree-of-Thought Prompting}} to Boost {{ChatGPT}}'s Reasoning},
  author = {Hulbert, Dave},
  date = {2023-05},
  origdate = {2023-05-22T19:03:27Z},
  url = {https://github.com/dave1010/tree-of-thought-prompting},
  urldate = {2025-06-02},
  version = {0.1}
}

@online{ImprovingTraceability,
  title = {Improving {{Traceability Link Recovery Using Fine-grained Requirements-to-Code Relations}} | {{IEEE Conference Publication}} | {{IEEE Xplore}}},
  url = {https://ieeexplore.ieee.org/abstract/document/9609109},
  urldate = {2025-06-14}
}

@inproceedings{keim2021TraceLink,
  title = {Trace {{Link Recovery}} for {{Software Architecture Documentation}}},
  booktitle = {Software {{Architecture}}},
  author = {Keim, Jan and Schulz, Sophie and Fuchß, Dominik and Kocher, Claudius and Speit, Janek and Koziolek, Anne},
  editor = {Biffl, Stefan and Navarro, Elena and Löwe, Welf and Sirjani, Marjan and Mirandola, Raffaela and Weyns, Danny},
  date = {2021},
  pages = {101--116},
  publisher = {Springer International Publishing},
  location = {Cham},
  doi = {10.1007/978-3-030-86044-8_7},
  isbn = {978-3-030-86044-8},
  langid = {english},
  keywords = {Information retrieval,Modeling,Natural language processing,Software Architecture Documentation,Trace link recovery}
}

@inproceedings{khattab2023DSPyCompiling,
  title = {{{DSPy}}: {{Compiling Declarative Language Model Calls}} into {{State-of-the-Art Pipelines}}},
  shorttitle = {{{DSPy}}},
  author = {Khattab, Omar and Singhvi, Arnav and Maheshwari, Paridhi and Zhang, Zhiyuan and Santhanam, Keshav and A, Sri Vardhamanan and Haq, Saiful and Sharma, Ashutosh and Joshi, Thomas T. and Moazam, Hanna and Miller, Heather and Zaharia, Matei and Potts, Christopher},
  date = {2023-10-13},
  url = {https://openreview.net/forum?id=sY5N0zY5Od},
  urldate = {2025-06-15},
  eventtitle = {The {{Twelfth International Conference}} on {{Learning Representations}}},
  langid = {english}
}

@online{khattab2023DSPyCompilinga,
  title = {{{DSPy}}: {{Compiling Declarative Language Model Calls}} into {{Self-Improving Pipelines}}},
  shorttitle = {{{DSPy}}},
  author = {Khattab, Omar and Singhvi, Arnav and Maheshwari, Paridhi and Zhang, Zhiyuan and Santhanam, Keshav and Vardhamanan, Sri and Haq, Saiful and Sharma, Ashutosh and Joshi, Thomas T. and Moazam, Hanna and Miller, Heather and Zaharia, Matei and Potts, Christopher},
  date = {2023-10-05},
  url = {https://arxiv.org/abs/2310.03714v1},
  urldate = {2025-06-15},
  langid = {english},
  organization = {arXiv.org}
}

@online{kojima2023LargeLanguage,
  title = {Large {{Language Models}} Are {{Zero-Shot Reasoners}}},
  author = {Kojima, Takeshi and Gu, Shixiang Shane and Reid, Machel and Matsuo, Yutaka and Iwasawa, Yusuke},
  date = {2023-01-29},
  eprint = {2205.11916},
  eprinttype = {arXiv},
  eprintclass = {cs},
  doi = {10.48550/arXiv.2205.11916},
  url = {http://arxiv.org/abs/2205.11916},
  urldate = {2025-05-20},
  pubstate = {prepublished},
  keywords = {Computer Science - Artificial Intelligence,Computer Science - Computation and Language,Computer Science - Machine Learning}
}

@online{kuleshov2014AlgorithmsMultiarmed,
  title = {Algorithms for Multi-Armed Bandit Problems},
  author = {Kuleshov, Volodymyr and Precup, Doina},
  date = {2014-02-25},
  eprint = {1402.6028},
  eprinttype = {arXiv},
  eprintclass = {cs},
  doi = {10.48550/arXiv.1402.6028},
  url = {http://arxiv.org/abs/1402.6028},
  urldate = {2025-06-12},
  langid = {english},
  pubstate = {prepublished},
  keywords = {Computer Science - Artificial Intelligence,Computer Science - Machine Learning}
}

@online{kuleshov2014AlgorithmsMultiarmeda,
  title = {Algorithms for Multi-Armed Bandit Problems},
  author = {Kuleshov, Volodymyr and Precup, Doina},
  date = {2014-02-25},
  eprint = {1402.6028},
  eprinttype = {arXiv},
  eprintclass = {cs},
  doi = {10.48550/arXiv.1402.6028},
  url = {http://arxiv.org/abs/1402.6028},
  urldate = {2025-06-12},
  langid = {english},
  pubstate = {prepublished},
  keywords = {Computer Science - Artificial Intelligence,Computer Science - Machine Learning}
}

@online{lester2021PowerScale,
  title = {The {{Power}} of {{Scale}} for {{Parameter-Efficient Prompt Tuning}}},
  author = {Lester, Brian and Al-Rfou, Rami and Constant, Noah},
  date = {2021-09-02},
  eprint = {2104.08691},
  eprinttype = {arXiv},
  eprintclass = {cs},
  doi = {10.48550/arXiv.2104.08691},
  url = {http://arxiv.org/abs/2104.08691},
  urldate = {2025-05-20},
  pubstate = {prepublished},
  keywords = {Computer Science - Computation and Language}
}

@online{li2021PrefixTuningOptimizing,
  title = {Prefix-{{Tuning}}: {{Optimizing Continuous Prompts}} for {{Generation}}},
  shorttitle = {Prefix-{{Tuning}}},
  author = {Li, Xiang Lisa and Liang, Percy},
  date = {2021-01-01},
  eprint = {2101.00190},
  eprinttype = {arXiv},
  eprintclass = {cs},
  doi = {10.48550/arXiv.2101.00190},
  url = {http://arxiv.org/abs/2101.00190},
  urldate = {2025-05-20},
  pubstate = {prepublished},
  keywords = {Computer Science - Computation and Language}
}

@online{lin2022EnhancingAutomated,
  title = {Enhancing {{Automated Software Traceability}} by {{Transfer Learning}} from {{Open-World Data}}},
  author = {Lin, Jinfeng and Poudel, Amrit and Yu, Wenhao and Zeng, Qingkai and Jiang, Meng and Cleland-Huang, Jane},
  date = {2022-07-03},
  eprint = {2207.01084},
  eprinttype = {arXiv},
  eprintclass = {cs},
  doi = {10.48550/arXiv.2207.01084},
  url = {http://arxiv.org/abs/2207.01084},
  urldate = {2025-06-14},
  pubstate = {prepublished},
  keywords = {Computer Science - Software Engineering}
}

@online{LMOpsPrompt_optimization,
  title = {{{LMOps}}/Prompt\_optimization at Main · Microsoft/{{LMOps}}},
  url = {https://github.com/microsoft/LMOps/tree/main/prompt_optimization},
  urldate = {2025-05-20},
  langid = {english},
  organization = {GitHub}
}

@online{long2023LargeLanguage,
  title = {Large {{Language Model Guided Tree-of-Thought}}},
  author = {Long, Jieyi},
  date = {2023-05-15},
  eprint = {2305.08291},
  eprinttype = {arXiv},
  eprintclass = {cs},
  doi = {10.48550/arXiv.2305.08291},
  url = {http://arxiv.org/abs/2305.08291},
  urldate = {2025-06-02},
  pubstate = {prepublished},
  keywords = {Computer Science - Artificial Intelligence,Computer Science - Computation and Language,Computer Science - Computer Vision and Pattern Recognition,Computer Science - Machine Learning,Computer Science - Neural and Evolutionary Computing}
}

@online{long2023LargeLanguagea,
  title = {Large {{Language Model Guided Tree-of-Thought}}},
  author = {Long, Jieyi},
  date = {2023-05-15},
  eprint = {2305.08291},
  eprinttype = {arXiv},
  eprintclass = {cs},
  doi = {10.48550/arXiv.2305.08291},
  url = {http://arxiv.org/abs/2305.08291},
  urldate = {2025-06-02},
  pubstate = {prepublished},
  keywords = {Computer Science - Artificial Intelligence,Computer Science - Computation and Language,Computer Science - Computer Vision and Pattern Recognition,Computer Science - Machine Learning,Computer Science - Neural and Evolutionary Computing}
}

@article{madaan2023SelfRefineIterative,
  title = {Self-{{Refine}}: {{Iterative Refinement}} with {{Self-Feedback}}},
  shorttitle = {Self-{{Refine}}},
  author = {Madaan, Aman and Tandon, Niket and Gupta, Prakhar and Hallinan, Skyler and Gao, Luyu and Wiegreffe, Sarah and Alon, Uri and Dziri, Nouha and Prabhumoye, Shrimai and Yang, Yiming and Gupta, Shashank and Majumder, Bodhisattwa Prasad and Hermann, Katherine and Welleck, Sean and Yazdanbakhsh, Amir and Clark, Peter},
  date = {2023-12-15},
  journaltitle = {Advances in Neural Information Processing Systems},
  volume = {36},
  pages = {46534--46594},
  url = {https://proceedings.neurips.cc/paper_files/paper/2023/hash/91edff07232fb1b55a505a9e9f6c0ff3-Abstract-Conference.html},
  urldate = {2025-05-20},
  langid = {english}
}

@online{openai2024GPT4oSystem,
  title = {{{GPT-4o System Card}}},
  author = {OpenAI and Hurst, Aaron and Lerer, Adam and Goucher, Adam P. and Perelman, Adam and Ramesh, Aditya and Clark, Aidan and Ostrow, A. J. and Welihinda, Akila and Hayes, Alan and Radford, Alec and Mądry, Aleksander and Baker-Whitcomb, Alex and Beutel, Alex and Borzunov, Alex and Carney, Alex and Chow, Alex and Kirillov, Alex and Nichol, Alex and Paino, Alex and Renzin, Alex and Passos, Alex Tachard and Kirillov, Alexander and Christakis, Alexi and Conneau, Alexis and Kamali, Ali and Jabri, Allan and Moyer, Allison and Tam, Allison and Crookes, Amadou and Tootoochian, Amin and Tootoonchian, Amin and Kumar, Ananya and Vallone, Andrea and Karpathy, Andrej and Braunstein, Andrew and Cann, Andrew and Codispoti, Andrew and Galu, Andrew and Kondrich, Andrew and Tulloch, Andrew and Mishchenko, Andrey and Baek, Angela and Jiang, Angela and Pelisse, Antoine and Woodford, Antonia and Gosalia, Anuj and Dhar, Arka and Pantuliano, Ashley and Nayak, Avi and Oliver, Avital and Zoph, Barret and Ghorbani, Behrooz and Leimberger, Ben and Rossen, Ben and Sokolowsky, Ben and Wang, Ben and Zweig, Benjamin and Hoover, Beth and Samic, Blake and McGrew, Bob and Spero, Bobby and Giertler, Bogo and Cheng, Bowen and Lightcap, Brad and Walkin, Brandon and Quinn, Brendan and Guarraci, Brian and Hsu, Brian and Kellogg, Bright and Eastman, Brydon and Lugaresi, Camillo and Wainwright, Carroll and Bassin, Cary and Hudson, Cary and Chu, Casey and Nelson, Chad and Li, Chak and Shern, Chan Jun and Conger, Channing and Barette, Charlotte and Voss, Chelsea and Ding, Chen and Lu, Cheng and Zhang, Chong and Beaumont, Chris and Hallacy, Chris and Koch, Chris and Gibson, Christian and Kim, Christina and Choi, Christine and McLeavey, Christine and Hesse, Christopher and Fischer, Claudia and Winter, Clemens and Czarnecki, Coley and Jarvis, Colin and Wei, Colin and Koumouzelis, Constantin and Sherburn, Dane and Kappler, Daniel and Levin, Daniel and Levy, Daniel and Carr, David and Farhi, David and Mely, David and Robinson, David and Sasaki, David and Jin, Denny and Valladares, Dev and Tsipras, Dimitris and Li, Doug and Nguyen, Duc Phong and Findlay, Duncan and Oiwoh, Edede and Wong, Edmund and Asdar, Ehsan and Proehl, Elizabeth and Yang, Elizabeth and Antonow, Eric and Kramer, Eric and Peterson, Eric and Sigler, Eric and Wallace, Eric and Brevdo, Eugene and Mays, Evan and Khorasani, Farzad and Such, Felipe Petroski and Raso, Filippo and Zhang, Francis and family=Lohmann, given=Fred, prefix=von, useprefix=false and Sulit, Freddie and Goh, Gabriel and Oden, Gene and Salmon, Geoff and Starace, Giulio and Brockman, Greg and Salman, Hadi and Bao, Haiming and Hu, Haitang and Wong, Hannah and Wang, Haoyu and Schmidt, Heather and Whitney, Heather and Jun, Heewoo and Kirchner, Hendrik and Pinto, Henrique Ponde de Oliveira and Ren, Hongyu and Chang, Huiwen and Chung, Hyung Won and Kivlichan, Ian and O'Connell, Ian and O'Connell, Ian and Osband, Ian and Silber, Ian and Sohl, Ian and Okuyucu, Ibrahim and Lan, Ikai and Kostrikov, Ilya and Sutskever, Ilya and Kanitscheider, Ingmar and Gulrajani, Ishaan and Coxon, Jacob and Menick, Jacob and Pachocki, Jakub and Aung, James and Betker, James and Crooks, James and Lennon, James and Kiros, Jamie and Leike, Jan and Park, Jane and Kwon, Jason and Phang, Jason and Teplitz, Jason and Wei, Jason and Wolfe, Jason and Chen, Jay and Harris, Jeff and Varavva, Jenia and Lee, Jessica Gan and Shieh, Jessica and Lin, Ji and Yu, Jiahui and Weng, Jiayi and Tang, Jie and Yu, Jieqi and Jang, Joanne and Candela, Joaquin Quinonero and Beutler, Joe and Landers, Joe and Parish, Joel and Heidecke, Johannes and Schulman, John and Lachman, Jonathan and McKay, Jonathan and Uesato, Jonathan and Ward, Jonathan and Kim, Jong Wook and Huizinga, Joost and Sitkin, Jordan and Kraaijeveld, Jos and Gross, Josh and Kaplan, Josh and Snyder, Josh and Achiam, Joshua and Jiao, Joy and Lee, Joyce and Zhuang, Juntang and Harriman, Justyn and Fricke, Kai and Hayashi, Kai and Singhal, Karan and Shi, Katy and Karthik, Kavin and Wood, Kayla and Rimbach, Kendra and Hsu, Kenny and Nguyen, Kenny and Gu-Lemberg, Keren and Button, Kevin and Liu, Kevin and Howe, Kiel and Muthukumar, Krithika and Luther, Kyle and Ahmad, Lama and Kai, Larry and Itow, Lauren and Workman, Lauren and Pathak, Leher and Chen, Leo and Jing, Li and Guy, Lia and Fedus, Liam and Zhou, Liang and Mamitsuka, Lien and Weng, Lilian and McCallum, Lindsay and Held, Lindsey and Ouyang, Long and Feuvrier, Louis and Zhang, Lu and Kondraciuk, Lukas and Kaiser, Lukasz and Hewitt, Luke and Metz, Luke and Doshi, Lyric and Aflak, Mada and Simens, Maddie and Boyd, Madelaine and Thompson, Madeleine and Dukhan, Marat and Chen, Mark and Gray, Mark and Hudnall, Mark and Zhang, Marvin and Aljubeh, Marwan and Litwin, Mateusz and Zeng, Matthew and Johnson, Max and Shetty, Maya and Gupta, Mayank and Shah, Meghan and Yatbaz, Mehmet and Yang, Meng Jia and Zhong, Mengchao and Glaese, Mia and Chen, Mianna and Janner, Michael and Lampe, Michael and Petrov, Michael and Wu, Michael and Wang, Michele and Fradin, Michelle and Pokrass, Michelle and Castro, Miguel and family=Castro, given=Miguel Oom Temudo, prefix=de, useprefix=false and Pavlov, Mikhail and Brundage, Miles and Wang, Miles and Khan, Minal and Murati, Mira and Bavarian, Mo and Lin, Molly and Yesildal, Murat and Soto, Nacho and Gimelshein, Natalia and Cone, Natalie and Staudacher, Natalie and Summers, Natalie and LaFontaine, Natan and Chowdhury, Neil and Ryder, Nick and Stathas, Nick and Turley, Nick and Tezak, Nik and Felix, Niko and Kudige, Nithanth and Keskar, Nitish and Deutsch, Noah and Bundick, Noel and Puckett, Nora and Nachum, Ofir and Okelola, Ola and Boiko, Oleg and Murk, Oleg and Jaffe, Oliver and Watkins, Olivia and Godement, Olivier and Campbell-Moore, Owen and Chao, Patrick and McMillan, Paul and Belov, Pavel and Su, Peng and Bak, Peter and Bakkum, Peter and Deng, Peter and Dolan, Peter and Hoeschele, Peter and Welinder, Peter and Tillet, Phil and Pronin, Philip and Tillet, Philippe and Dhariwal, Prafulla and Yuan, Qiming and Dias, Rachel and Lim, Rachel and Arora, Rahul and Troll, Rajan and Lin, Randall and Lopes, Rapha Gontijo and Puri, Raul and Miyara, Reah and Leike, Reimar and Gaubert, Renaud and Zamani, Reza and Wang, Ricky and Donnelly, Rob and Honsby, Rob and Smith, Rocky and Sahai, Rohan and Ramchandani, Rohit and Huet, Romain and Carmichael, Rory and Zellers, Rowan and Chen, Roy and Chen, Ruby and Nigmatullin, Ruslan and Cheu, Ryan and Jain, Saachi and Altman, Sam and Schoenholz, Sam and Toizer, Sam and Miserendino, Samuel and Agarwal, Sandhini and Culver, Sara and Ethersmith, Scott and Gray, Scott and Grove, Sean and Metzger, Sean and Hermani, Shamez and Jain, Shantanu and Zhao, Shengjia and Wu, Sherwin and Jomoto, Shino and Wu, Shirong and Shuaiqi and Xia and Phene, Sonia and Papay, Spencer and Narayanan, Srinivas and Coffey, Steve and Lee, Steve and Hall, Stewart and Balaji, Suchir and Broda, Tal and Stramer, Tal and Xu, Tao and Gogineni, Tarun and Christianson, Taya and Sanders, Ted and Patwardhan, Tejal and Cunninghman, Thomas and Degry, Thomas and Dimson, Thomas and Raoux, Thomas and Shadwell, Thomas and Zheng, Tianhao and Underwood, Todd and Markov, Todor and Sherbakov, Toki and Rubin, Tom and Stasi, Tom and Kaftan, Tomer and Heywood, Tristan and Peterson, Troy and Walters, Tyce and Eloundou, Tyna and Qi, Valerie and Moeller, Veit and Monaco, Vinnie and Kuo, Vishal and Fomenko, Vlad and Chang, Wayne and Zheng, Weiyi and Zhou, Wenda and Manassra, Wesam and Sheu, Will and Zaremba, Wojciech and Patil, Yash and Qian, Yilei and Kim, Yongjik and Cheng, Youlong and Zhang, Yu and He, Yuchen and Zhang, Yuchen and Jin, Yujia and Dai, Yunxing and Malkov, Yury},
  date = {2024-10-25},
  eprint = {2410.21276},
  eprinttype = {arXiv},
  eprintclass = {cs},
  doi = {10.48550/arXiv.2410.21276},
  url = {http://arxiv.org/abs/2410.21276},
  urldate = {2025-06-21},
  pubstate = {prepublished},
  keywords = {Computer Science - Artificial Intelligence,Computer Science - Computation and Language,Computer Science - Computer Vision and Pattern Recognition,Computer Science - Computers and Society,Computer Science - Machine Learning,Computer Science - Sound,Electrical Engineering and Systems Science - Audio and Speech Processing}
}

@online{petroni2019LanguageModels,
  title = {Language {{Models}} as {{Knowledge Bases}}?},
  author = {Petroni, Fabio and Rocktäschel, Tim and Lewis, Patrick and Bakhtin, Anton and Wu, Yuxiang and Miller, Alexander H. and Riedel, Sebastian},
  date = {2019-09-04},
  eprint = {1909.01066},
  eprinttype = {arXiv},
  eprintclass = {cs},
  doi = {10.48550/arXiv.1909.01066},
  url = {http://arxiv.org/abs/1909.01066},
  urldate = {2025-05-19},
  pubstate = {prepublished},
  keywords = {Computer Science - Computation and Language}
}

@inproceedings{pryzant2023AutomaticPrompt,
  title = {Automatic {{Prompt Optimization}} with “{{Gradient Descent}}” and {{Beam Search}}},
  booktitle = {Proceedings of the 2023 {{Conference}} on {{Empirical Methods}} in {{Natural Language Processing}}},
  author = {Pryzant, Reid and Iter, Dan and Li, Jerry and Lee, Yin and Zhu, Chenguang and Zeng, Michael},
  editor = {Bouamor, Houda and Pino, Juan and Bali, Kalika},
  date = {2023-12},
  pages = {7957--7968},
  publisher = {Association for Computational Linguistics},
  location = {Singapore},
  doi = {10.18653/v1/2023.emnlp-main.494},
  url = {https://aclanthology.org/2023.emnlp-main.494/},
  urldate = {2025-06-02},
  eventtitle = {{{EMNLP}} 2023}
}

@online{ramnath2025SystematicSurvey,
  title = {A {{Systematic Survey}} of {{Automatic Prompt Optimization Techniques}}},
  author = {Ramnath, Kiran and Zhou, Kang and Guan, Sheng and Mishra, Soumya Smruti and Qi, Xuan and Shen, Zhengyuan and Wang, Shuai and Woo, Sangmin and Jeoung, Sullam and Wang, Yawei and Wang, Haozhu and Ding, Han and Lu, Yuzhe and Xu, Zhichao and Zhou, Yun and Srinivasan, Balasubramaniam and Yan, Qiaojing and Chen, Yueyan and Ding, Haibo and Xu, Panpan and Cheong, Lin Lee},
  date = {2025-04-02},
  eprint = {2502.16923},
  eprinttype = {arXiv},
  eprintclass = {cs},
  doi = {10.48550/arXiv.2502.16923},
  url = {http://arxiv.org/abs/2502.16923},
  urldate = {2025-06-14},
  pubstate = {prepublished},
  keywords = {Computer Science - Artificial Intelligence,Computer Science - Computation and Language}
}

@inproceedings{rodriguez2023PromptsMatter,
  title = {Prompts {{Matter}}: {{Insights}} and {{Strategies}} for {{Prompt Engineering}} in {{Automated Software Traceability}}},
  shorttitle = {Prompts {{Matter}}},
  booktitle = {2023 {{IEEE}} 31st {{International Requirements Engineering Conference Workshops}} ({{REW}})},
  author = {Rodriguez, Alberto D. and Dearstyne, Katherine R. and Cleland-Huang, Jane},
  date = {2023-09},
  pages = {455--464},
  issn = {2770-6834},
  doi = {10.1109/REW57809.2023.00087},
  url = {https://ieeexplore.ieee.org/abstract/document/10260721},
  urldate = {2025-05-13},
  eventtitle = {2023 {{IEEE}} 31st {{International Requirements Engineering Conference Workshops}} ({{REW}})},
  keywords = {automated software traceability,Conferences,large language models,prompt engineering,Requirements engineering,Software}
}

@inproceedings{rodriguez2023PromptsMattera,
  title = {Prompts {{Matter}}: {{Insights}} and {{Strategies}} for {{Prompt Engineering}} in {{Automated Software Traceability}}},
  shorttitle = {Prompts {{Matter}}},
  booktitle = {2023 {{IEEE}} 31st {{International Requirements Engineering Conference Workshops}} ({{REW}})},
  author = {Rodriguez, Alberto D. and Dearstyne, Katherine R. and Cleland-Huang, Jane},
  date = {2023-09},
  pages = {455--464},
  issn = {2770-6834},
  doi = {10.1109/REW57809.2023.00087},
  url = {https://ieeexplore.ieee.org/document/10260721},
  urldate = {2025-06-14},
  eventtitle = {2023 {{IEEE}} 31st {{International Requirements Engineering Conference Workshops}} ({{REW}})},
  keywords = {automated software traceability,Conferences,large language models,prompt engineering,Requirements engineering,Software}
}

@online{shin2020AutoPromptEliciting,
  title = {{{AutoPrompt}}: {{Eliciting Knowledge}} from {{Language Models}} with {{Automatically Generated Prompts}}},
  shorttitle = {{{AutoPrompt}}},
  author = {Shin, Taylor and Razeghi, Yasaman and IV, Robert L. Logan and Wallace, Eric and Singh, Sameer},
  date = {2020-11-07},
  eprint = {2010.15980},
  eprinttype = {arXiv},
  eprintclass = {cs},
  doi = {10.48550/arXiv.2010.15980},
  url = {http://arxiv.org/abs/2010.15980},
  urldate = {2025-05-19},
  pubstate = {prepublished},
  keywords = {Computer Science - Computation and Language,Computer Science - Machine Learning}
}

@online{shojaee2025IllusionThinking,
  title = {The {{Illusion}} of {{Thinking}}: {{Understanding}} the {{Strengths}} and {{Limitations}} of {{Reasoning Models}} via the {{Lens}} of {{Problem Complexity}}},
  shorttitle = {The {{Illusion}} of {{Thinking}}},
  author = {Shojaee, Parshin and Mirzadeh, Iman and Alizadeh, Keivan and Horton, Maxwell and Bengio, Samy and Farajtabar, Mehrdad},
  date = {2025-06-01},
  doi = {10.48550/arXiv.2506.06941},
  url = {https://ui.adsabs.harvard.edu/abs/2025arXiv250606941S},
  urldate = {2025-06-15},
  pubstate = {prepublished},
  keywords = {Artificial Intelligence,Computation and Language,Machine Learning},
  annotation = {ADS Bibcode: 2025arXiv250606941S}
}

@software{significantgravitas2025AutoGPT,
  title = {{{AutoGPT}}},
  author = {{Significant Gravitas}},
  date = {2025-05-20T08:19:04Z},
  origdate = {2023-03-16T09:21:07Z},
  url = {https://github.com/Significant-Gravitas/AutoGPT},
  urldate = {2025-05-20}
}

@online{sun2024QueryDependentPrompt,
  title = {Query-{{Dependent Prompt Evaluation}} and {{Optimization}} with {{Offline Inverse RL}}},
  author = {Sun, Hao and Hüyük, Alihan and family=Schaar, given=Mihaela, prefix=van der, useprefix=false},
  date = {2024-03-07},
  eprint = {2309.06553},
  eprinttype = {arXiv},
  eprintclass = {cs},
  doi = {10.48550/arXiv.2309.06553},
  url = {http://arxiv.org/abs/2309.06553},
  urldate = {2025-05-20},
  pubstate = {prepublished},
  keywords = {Computer Science - Artificial Intelligence,Computer Science - Computation and Language,Computer Science - Machine Learning}
}

@online{wang2023SelfConsistencyImproves,
  title = {Self-{{Consistency Improves Chain}} of {{Thought Reasoning}} in {{Language Models}}},
  author = {Wang, Xuezhi and Wei, Jason and Schuurmans, Dale and Le, Quoc and Chi, Ed and Narang, Sharan and Chowdhery, Aakanksha and Zhou, Denny},
  date = {2023-03-07},
  eprint = {2203.11171},
  eprinttype = {arXiv},
  eprintclass = {cs},
  doi = {10.48550/arXiv.2203.11171},
  url = {http://arxiv.org/abs/2203.11171},
  urldate = {2025-05-20},
  pubstate = {prepublished},
  keywords = {Computer Science - Artificial Intelligence,Computer Science - Computation and Language}
}

@article{weiChainofThoughtPrompting,
  title = {Chain-of-{{Thought Prompting Elicits Reasoning}} in {{Large Language Models}}},
  author = {Wei, Jason and Wang, Xuezhi and Schuurmans, Dale and Bosma, Maarten and Ichter, Brian and Xia, Fei and Chi, Ed H and Le, Quoc V and Zhou, Denny},
  langid = {english}
}

@inproceedings{wohlrab2019ImprovingConsistency,
  title = {Improving the {{Consistency}} and {{Usefulness}} of {{Architecture Descriptions}}: {{Guidelines}} for {{Architects}}},
  shorttitle = {Improving the {{Consistency}} and {{Usefulness}} of {{Architecture Descriptions}}},
  booktitle = {2019 {{IEEE International Conference}} on {{Software Architecture}} ({{ICSA}})},
  author = {Wohlrab, Rebekka and Eliasson, Ulf and Pelliccione, Patrizio and Heldal, Rogardt},
  date = {2019-03},
  pages = {151--160},
  doi = {10.1109/ICSA.2019.00024},
  url = {https://ieeexplore.ieee.org/abstract/document/8703919},
  urldate = {2025-05-26},
  eventtitle = {2019 {{IEEE International Conference}} on {{Software Architecture}} ({{ICSA}})},
  keywords = {agile architecture,architectural conformance,architectural inconsistencies,boundary objects,Companies,Computer architecture,Conferences,empirical software engineering,Guidelines,questionnaire,Software,Software architecture,Stakeholders,survey}
}

@inproceedings{xiong2022AutoQGSAutoPrompt,
  title = {{{AutoQGS}}: {{Auto-Prompt}} for {{Low-Resource Knowledge-based Question Generation}} from {{SPARQL}}},
  shorttitle = {{{AutoQGS}}},
  booktitle = {Proceedings of the 31st {{ACM International Conference}} on {{Information}} \& {{Knowledge Management}}},
  author = {Xiong, Guanming and Bao, Junwei and Zhao, Wen and Wu, Youzheng and He, Xiaodong},
  date = {2022-10-17},
  pages = {2250--2259},
  publisher = {ACM},
  location = {Atlanta GA USA},
  doi = {10.1145/3511808.3557246},
  url = {https://dl.acm.org/doi/10.1145/3511808.3557246},
  urldate = {2025-05-19},
  eventtitle = {{{CIKM}} '22: {{The}} 31st {{ACM International Conference}} on {{Information}} and {{Knowledge Management}}},
  isbn = {978-1-4503-9236-5},
  langid = {english}
}

@online{yang2024LargeLanguage,
  title = {Large {{Language Models}} as {{Optimizers}}},
  author = {Yang, Chengrun and Wang, Xuezhi and Lu, Yifeng and Liu, Hanxiao and Le, Quoc V. and Zhou, Denny and Chen, Xinyun},
  date = {2024-04-15},
  eprint = {2309.03409},
  eprinttype = {arXiv},
  eprintclass = {cs},
  doi = {10.48550/arXiv.2309.03409},
  url = {http://arxiv.org/abs/2309.03409},
  urldate = {2025-05-20},
  pubstate = {prepublished},
  keywords = {Computer Science - Artificial Intelligence,Computer Science - Computation and Language,Computer Science - Machine Learning}
}

@online{yao2023TreeThoughts,
  title = {Tree of {{Thoughts}}: {{Deliberate Problem Solving}} with {{Large Language Models}}},
  shorttitle = {Tree of {{Thoughts}}},
  author = {Yao, Shunyu and Yu, Dian and Zhao, Jeffrey and Shafran, Izhak and Griffiths, Thomas L. and Cao, Yuan and Narasimhan, Karthik},
  date = {2023-12-03},
  eprint = {2305.10601},
  eprinttype = {arXiv},
  eprintclass = {cs},
  doi = {10.48550/arXiv.2305.10601},
  url = {http://arxiv.org/abs/2305.10601},
  urldate = {2025-06-17},
  pubstate = {prepublished},
  keywords = {Computer Science - Artificial Intelligence,Computer Science - Computation and Language,Computer Science - Machine Learning}
}

@online{ye2024PromptEngineering,
  title = {Prompt {{Engineering}} a {{Prompt Engineer}}},
  author = {Ye, Qinyuan and Axmed, Maxamed and Pryzant, Reid and Khani, Fereshte},
  date = {2024-07-03},
  eprint = {2311.05661},
  eprinttype = {arXiv},
  eprintclass = {cs},
  doi = {10.48550/arXiv.2311.05661},
  url = {http://arxiv.org/abs/2311.05661},
  urldate = {2025-05-13},
  pubstate = {prepublished},
  keywords = {Computer Science - Artificial Intelligence,Computer Science - Computation and Language,Computer Science - Machine Learning}
}

@inproceedings{zadenoori2025AutomaticPrompt,
  title = {Automatic {{Prompt Engineering}}: {{The~Case}} of~{{Requirements Classification}}},
  shorttitle = {Automatic {{Prompt Engineering}}},
  booktitle = {Requirements {{Engineering}}: {{Foundation}} for {{Software Quality}}},
  author = {Zadenoori, Mohammad Amin and Zhao, Liping and Alhoshan, Waad and Ferrari, Alessio},
  editor = {Hess, Anne and Susi, Angelo},
  date = {2025},
  pages = {217--225},
  publisher = {Springer Nature Switzerland},
  location = {Cham},
  doi = {10.1007/978-3-031-88531-0_15},
  isbn = {978-3-031-88531-0},
  langid = {english},
  keywords = {large language models,LLM,natural language processing,NLP,prompt engineering,requirements engineering}
}

@inproceedings{zaidmanNoTitleFound2018,
  title = {[{{No}} Title Found]},
  booktitle = {Proceedings of the 15th {{International Conference}} on {{Mining Software Repositories}}},
  author = {Zaidman, Andy and Kamei, Yasutaka and Hill, Emily},
  date = {2018-05-28},
  publisher = {ACM},
  location = {Gothenburg Sweden},
  eventtitle = {{{ICSE}} '18: 40th {{International Conference}} on {{Software Engineering}}},
  isbn = {978-1-4503-5716-6},
  langid = {english}
}

@online{zeng2022SocraticModels,
  title = {Socratic {{Models}}: {{Composing Zero-Shot Multimodal Reasoning}} with {{Language}}},
  shorttitle = {Socratic {{Models}}},
  author = {Zeng, Andy and Attarian, Maria and Ichter, Brian and Choromanski, Krzysztof and Wong, Adrian and Welker, Stefan and Tombari, Federico and Purohit, Aveek and Ryoo, Michael and Sindhwani, Vikas and Lee, Johnny and Vanhoucke, Vincent and Florence, Pete},
  date = {2022-05-27},
  eprint = {2204.00598},
  eprinttype = {arXiv},
  eprintclass = {cs},
  doi = {10.48550/arXiv.2204.00598},
  url = {http://arxiv.org/abs/2204.00598},
  urldate = {2025-05-13},
  pubstate = {prepublished},
  keywords = {Computer Science - Artificial Intelligence,Computer Science - Computation and Language,Computer Science - Computer Vision and Pattern Recognition,Computer Science - Machine Learning}
}

@online{zhou2023LargeLanguage,
  title = {Large {{Language Models Are Human-Level Prompt Engineers}}},
  author = {Zhou, Yongchao and Muresanu, Andrei Ioan and Han, Ziwen and Paster, Keiran and Pitis, Silviu and Chan, Harris and Ba, Jimmy},
  date = {2023-03-10},
  eprint = {2211.01910},
  eprinttype = {arXiv},
  eprintclass = {cs},
  doi = {10.48550/arXiv.2211.01910},
  url = {http://arxiv.org/abs/2211.01910},
  urldate = {2025-05-13},
  pubstate = {prepublished},
  keywords = {Computer Science - Artificial Intelligence,Computer Science - Computation and Language,Computer Science - Machine Learning}
}

@online{zhou2023LeasttoMostPrompting,
  title = {Least-to-{{Most Prompting Enables Complex Reasoning}} in {{Large Language Models}}},
  author = {Zhou, Denny and Schärli, Nathanael and Hou, Le and Wei, Jason and Scales, Nathan and Wang, Xuezhi and Schuurmans, Dale and Cui, Claire and Bousquet, Olivier and Le, Quoc and Chi, Ed},
  date = {2023-04-16},
  eprint = {2205.10625},
  eprinttype = {arXiv},
  eprintclass = {cs},
  doi = {10.48550/arXiv.2205.10625},
  url = {http://arxiv.org/abs/2205.10625},
  urldate = {2025-05-20},
  pubstate = {prepublished},
  keywords = {Computer Science - Artificial Intelligence,Computer Science - Computation and Language}
}
